
%% Created for Jakob Suckale at 2007-09-06 11:30:44 +0200 


%% Saved with string encoding Unicode (UTF-8) 

%%%%Lista de prefijos usados
% pr - paper
% gl - glosario
% bk - libros
% cr - referencias al crowdfunding
% ot - otros



%%%papers citas
%%%%%%%%%%%%%%%%%%%%%%%%%%%%%%%%%%%%%%%%%%%%%%%%

@article{pr_nauata2021housegan,
	title = {House-GAN++: Generative Adversarial Layout Refinement Network
towards Intelligent Computational Agent for Professional Architects},
	author = {Nelson Nauata, Sepidehsadat Hosseini and Kai-Hung Chang},
	journal = {Computer Vision Foundation},	
	year={2021},
	publisher={IEEE},
	doi = {https://doi.org/10.1109/CVPR46437.2021.01342},
	url = {https://openaccess.thecvf.com/content/CVPR2021/papers/Nauata_House-GAN_Generative_Adversarial_Layout_Refinement_Network_towards_Intelligent_Computational_Agent_CVPR_2021_paper.pdf}
}

@article{pr_alathari2023optaps,
	title = {An Optimization for Access Point Placement in Indoor Communication},
	author = {Bashar Alathari},
	journal = {Springer},	
	year={2023},
	publisher={Springer},
	doi = {https://doi.org/10.1007/978-981-19-8406-8_48},
	url = {https://link-springer-com.translate.goog/chapter/10.1007/978-981-19-8406-8_48?error=cookies_not_supported&code=42ecea64-b4ca-4fa9-a735-58817c40dea5&_x_tr_sl=en&_x_tr_tl=es&_x_tr_hl=es&_x_tr_pto=sc}
}

@article{pr_contreras2021modelwlan,
  title = {Modelo de optimización para la ubicación de Access Point en redes WLAN},
  author = {Martha Contreras, Juan Vesga and José Vesga},
  journal = {Investigación e Innovación en Ingenierías},
  volume = {9},
  number = {1},
  year = {2021},
  doi = {10.17081/invinno.9.1.4203},
  url = {https://revistas.unisimon.edu.co/index.php/innovacioning/article/view/4203}
}

@article{pr_ahmed2019impactaps,
  title = {The Impact of Access Points Placement on Indoor Positioning Systems: A Probability-Based Approach},
  author = {Youssef Ahmed and ABI-CHARR Pierre},
  journal = {IEEE Xplore},
  year = {2019},
  doi = {https://doi.org/10.1109/TSP.2019.8768876},
  url = {https://ieeexplore.ieee.org/document/8768876}
}

@article{pr_dudhat2022indoorwir,
  title = {Indoor Wireless Network Coverage Area Optimization},
  author = {Amitkumar Dudhat and Tatik Mariyanti},
  journal = {International Journal of Cyber and IT Service Management (IJCITSM)},
  volume = {2},
  number = {1},
  year = {2022},
  doi = {https://doi.org/10.34306/ijcitsm.v2i1.86},
  url = {https://iiast.iaic-publisher.org/ijcitsm/index.php/IJCITSM/article/view/86}
}

@inproceedings{pr_ketkhaw2019deepl,
	title = {Location Prediction of Rogue Access Point Based on Deep Neural Network Approach},
	author = {Apisak Ketkhaw and Sakchai Thipchaksurat},
	journal = {Journal of Mobile Multimedia},
    volume = {18},
    number = {4},
    year = {2022},
    doi = {10.13052/jmm1550-4646.1845},
    url = {https://journals.riverpublishers.com/index.php/JMM/article/view/9123}
}

@article{pr_mukti2021placemodelindo,
	title = {Access Point Placement Model for Indoor Environment using Hybrid Empirical Propagation and Simulated Annealing Algorithm},
	author = {Fransiska Mukti},
	journal = {International Journal of Computing and Digital Systems},
    volume = {10},
    number = {1},
    year = {2021},
    doi = {http://dx.doi.org/10.12785/ijcds/100183},
    url = {https://journal.uob.edu.bh/handle/123456789/4219}
}

@article{pr_shen2018localaplognor,
	title = {Localization of Access Points Based on the Rayleigh Lognormal Model},
	author = {Jushang Shen},
	journal = {2018 IEEE Wireless Communications and Networking Conference (WCNC)},
    year = {2018},
    doi = {https://doi.org/10.1109/WCNC.2018.8377059},
    url = {https://ieeexplore.ieee.org/document/8377059}
}

@article{pr_akhter2023interfacesetup,
	title = {An Interface Setup Optimization Method Using a Throughput Estimation Model for Concurrently Communicating Access Points in a Wireless Local Area Network},
	author = {Fatema Akhter},
	journal = {Sensors},
    year = {2023},
    doi = {https://doi.org/10.3390/s23146367},
    url = {https://www.mdpi.com/1424-8220/23/14/6367}
}

@article{pr_cai2023precisewifi,
	title = {Precise WiFi Indoor Positioning using Deep Learning Algorithms},
	author = {Minxue Cai and Zihuai Lin},
	journal = {arXiv:2307.02011},
    year = {2023},
    doi = {https://doi.org/10.48550/arXiv.2307.02011},
    url = {https://arxiv.org/abs/2307.02011#:~:text=This%20study%20demonstrates%20a%20WiFi,and%20log%2Dnormal%20fading%20variance.}
}

@article{pr_ainun2022optikmeans,
	title = {Optimization of Access Point Positioning on Wi-Fi Networks using The K-Means Clustering Method},
	author = {Faiz Ainun and Ary Mazharuddin},
	journal = {IPTEK The Journal of Technology and Science},
	volume = {33},
    number = {1},
    year = {2022},
    doi = {10.12962/j20882033.v33i1.12402},
    url = {https://iptek.its.ac.id/index.php/jts/article/view/12402}
}


@article{pr_hosseini2023NSGAIIap,
	title = {NSGA-II based optimal Wi-Fi access point placement for indoor positioning: A BIM-based RSS prediction},
	author = {Hamid Hosseini, Mohammad Taleai and Sisi Zlatanova},
	journal = {Automation in Construction},
	volume = {152},
    year = {2023},
    doi = {https://doi.org/10.1016/j.autcon.2023.104897},
    url = {https://www.sciencedirect.com/science/article/abs/pii/S0926580523001577?via%3Dihub}
}

@article{pr_lee2015coverage3d,
	title = {3D coverage location modeling of Wi-Fi access point placement in indoor environment},
	author = {Gunhak Lee},
	journal = {Computers, Environment and Urban Systems},
	volume = {54},
    year = {2015},
    doi = {https://doi.org/10.1016/j.compenvurbsys.2015.05.002},
    url = {https://www.sciencedirect.com/science/article/abs/pii/S0198971515000551?via%3Dihub}
}

@article{pr_lee2015coverage3d,
	title = {3D coverage location modeling of Wi-Fi access point placement in indoor environment},
	author = {Gunhak Lee},
	journal = {Computers, Environment and Urban Systems},
	volume = {54},
    year = {2015},
    doi = {https://doi.org/10.1016/j.compenvurbsys.2015.05.002},
    url = {https://www.sciencedirect.com/science/article/abs/pii/S0198971515000551?via%3Dihub}
}

@report{pr_ozerol2023genermass,
	author = {Gizem Özerol and Semra Arslan},
	title = {Generating Mass Housing Plans Through Gans - A Case in Toki, Turkey},
	journal = {Architecture and Planning Journal (APJ)},
	volume = {28},
    year = {2023},
    doi = {https://doi.org/10.54729/2789-8547.1197},
    url = {https://digitalcommons.bau.edu.lb/apj/vol28/iss3/2/}
}

@inproceedings{pr_tang2023graphtransfor,
	title = {Graph Transformer GANs for Graph-Constrained House Generation},
	author = {Hao Tang, Zhenyu Zhang and Humphrey Shi},
	journal = {ArXiv:2303.08225v1},
    year = {2023},
    doi = {https://doi.org/10.48550/arXiv.2303.08225},
    url = {https://arxiv.org/abs/2303.08225}
}

@inproceedings{pr_chang2021buildinggan,
	title = {Building-GAN: Graph-Conditioned Architectural Volumetric Design Generation},
	author = {Kai-Hung Chang, Chin-Yi Cheng and Jieliang Luo},
	journal = {arXiv:2104.13316v1},
    year = {2021},
    doi = {https://doi.org/10.48550/arXiv.2104.13316},
    url = {https://arxiv.org/abs/2104.13316}
}

@article{pr_chen2020intelhome3d,
	title = {Intelligent Home 3D: Automatic 3D-House Design from Linguistic Descriptions Only},
	author = {Qi Chen, Qi Wu and Rui Tang},
	journal = {arXiv},	
	year={2020},
	month=mar,
	doi = {https://doi.org/10.48550/arXiv.2003.00397},
	url = {https://arxiv.org/abs/2003.00397}
}

@article{pr_dou2023researchwir,
	title = {Research on Wireless Network Coverage for Transformation and Upgrading of Exhibition Management with Artificial Intelligence Technology},
	author = {Peilin Dou and Guohua Zheng},
	journal = {Applied Mathematics and Nonlinear Sciences},	
	volume={9},
	year={2023},
	month=jun,
	doi = {https://doi.org/10.2478/amns.2023.1.00180},
	url = {https://sciendo.com/article/10.2478/amns.2023.1.00180}
}

@thesis{pr_puente2019kickstarter_prediction,
	author = {Puente, Alonso},
	title = {Predicción del estado de financiamiento de proyectos de tecnología en web de crowdfunding Kickstarter mediante modelo(s) de Aprendizaje Automático},
	type = {Tesis de pregrado},
	institution = {Universidad ESAN},
	year = {2019},
	location = {Lima, Perú},
	pages={140}
}

%%%Glosarios - diccionarios
%%%%%%%%%%%%%%%%%%%%%%%%%%%%%%%%%%%%%%%%%%%%%%%%
@misc{gl_gartner2019ml,
	author    = {{Gartner}},
	title     = {Gartner IT Glossary - Machine Learning},
	year     = {2019},
	url = {https://www.gartner.com/it-glossary/machine-learning/}
}

@misc{gl_microsoft2018datamining,
	author    = {{Microsoft}},
	title     = {Algoritmos de minería de datos (Analysis Services: Minería de datos)},
	year     = {2018},
	url = {https://docs.microsoft.com/es-mx/sql/analysis-services/data-mining/data-mining-algorithms-analysis-services-data-mining?view=sql-server-2017}
}

@misc{gl_sas_deeplearning,
	author    = {{SAS Institute}},
	title     = {¿Qué es Deep Learning?},
	url = {https://www.sas.com/es_pe/insights/analytics/deep-learning.html}
}

@misc{gl_gartner2019pm,
	author    = {{Gartner}},
	title     = {Gartner IT Glossary - Predictive Modeling},
	year     = {2019},
	url = {https://www.gartner.com/it-glossary/predictive-modeling/}
}

@misc{gl_microsoft2019datamining,
	author    = {{Microsoft}},
	title     = {Conceptos de minería de datos},
	year     = {2019},
	url = {https://docs.microsoft.com/es-es/sql/analysis-services/data-mining/data-mining-concepts?view=sql-server-2017}
}

@misc{gl_iartificial2019reglogistica,
	author    = {{IArtificial.net}},
	title     = {Matemáticas de la Regresión Logística},
	year     = {2019},
	url = {https://iartificial.net/regresion-logistica-para-clasificacion/}
}

@misc{gl_ibm2019reglogistica,
	author    = {{IBM}},
	title     = {Regresión Logística},
	year     = {2019},
	url = {https://www.ibm.com/support/knowledgecenter/es/SSLVMB_sub/statistics_mainhelp_ddita/spss/regression/idh_lreg.html}
}

@misc{gl_iartificial2019descentgrad,
	author    = {{IArtificial.net}},
	title     = {Método del Gradiente Descendiente},
	year     = {2019},
	url = {https://iartificial.net/gradiente-descendiente-para-aprendizaje-automatico/}
}

@misc{gl_ansrw2019backpropagation,
	author    = {{A Not So Random Walk}},
	title     = {Backpropagation Example With Numbers Step by Step},
	year     = {2019},
	url = {https://www.anotsorandomwalk.com/backpropagation-example-with-numbers-step-by-step/}
}

@misc{gl_mlfa2019redesneuronales,
	author    = {{Machine Learning for Artists}},
	title     = {Redes Neuronales},
	year     = {2019},
	url = {https://ml4a.github.io/ml4a/es/neural_networks/}
}

@misc{gl_bigdata2019bigdata,
	author    = {{SitioBigData.com}},
	title     = {ReLU: Funciones de activación},
	year     = {2019},
	url = {http://sitiobigdata.com/2019/06/22/relu-funciones-activacion/}
}

@misc{gl_calvo2018activrna,
	author    = {Calvo, Diego},
	title     = {Función de activación - Redes neuronales},
	year     = {2018},
	url = {http://www.diegocalvo.es/funcion-de-activacion-redes-neuronales/}
}

@misc{gl_calvo2017clasifrna,
	author    = {Calvo, Diego},
	title     = {Clasificación de redes neuronales artificiales},
	year     = {2017},
	url = {http://www.diegocalvo.es/clasificacion-de-redes-neuronales-artificiales/}
}

@misc{gl_calvo2018rnn,
	author    = {Calvo, Diego},
	title     = {Definición de Red Neuronal Recurrente},
	year     = {2018},
	url = {http://www.diegocalvo.es/red-neuronal-recurrente/}
}

@misc{gl_rae,
	author    = {{Real Academia Española}},
	title     = {Diccionario de la lengua española},
	edition = {23},
	year     = {2020},
	url = {https://dle.rae.es/}
}

@misc{gl_mathworks_svm,
	author    = {{MathWorks}},
	title     = {Máquina de vectores de soporte (SVM)},
	url = {https://la.mathworks.com/discovery/support-vector-machine.html}
}

@misc{gl_pardo_reglogcosto,
	author    = {Pardo, Carlos Julio},
	title     = {MACHINE LEARNING – Regresión Logística},
	url = {https://carlosjuliopardoblog.wordpress.com/2017/12/31/regresion-logistica/}
}

@report{gl_pennington2014glove,
	author = {Pennington, Jeffrey and Socher, Richard and Manning, Christopher D.},
	title = {GloVe: Global Vectors for Word Representation},
	type = {Reporte técnico},
	institution = {Universidad Standford},
	year = {2014},
	location = {California, Estados Unidos de América},
	url = {https://nlp.stanford.edu/pubs/glove.pdf}
}

@misc{gl_google2018machinelearning,
	author = {{Google Developers}},
	title = {Glosario sobre aprendizaje automático},
	year = {2018},
	url = {https://developers.google.com/machine-learning/glossary/?hl=es-419}
}

@misc{gl_kohavi1998ml_glossary,
	author = {Kohavi, Ron and Provost, Foster},
	title = {Glossary of Terms Journal of Machine Learning},
	year = {1998},
	url = {http://ai.stanford.edu/~ronnyk/glossary.html}
}

@misc{gl_izco2018bdc,
	author = {Izco, Fernando},
	title = {Base de Datos Corporativa},
	year = {2018},
	url = {https://bookdown.org/f_izco/BDC-POC/metricas.html}
}

@misc{gl_bigdata2019metricas,
	author = {{SitioBigData.com}},
	title = {Machine Learning: Selección Métricas de clasificación},
	year = {2019},
	url = {http://sitiobigdata.com/2019/01/19/machine-learning-metrica-clasificacion-parte-3/#}
}

@misc{gl_gonzalez2019auc,
	author = {González, Ligdi},
	title = {Curvas ROC y Área bajo la curva (AUC)},
	year = {2019},
	url = {http://ligdigonzalez.com/curvas-roc-y-area-bajo-la-curva-auc-machine-learning/}
}

@article{gl_molina2017pediatria_curvaroc,
	title = {Pruebas diagnósticas con resultados continuos o politómicos. Curvas ROC},
	author = {Molina Arias, Manuel and Ochoa Sangrador, C},
	journal = {Evidencias en Pediatría},	
	volume={13},
	year={2017},
	month=feb,
	pages = {12},
	issn = {1885-7388},
	url = {http://archivos.evidenciasenpediatria.es/files/41-13133-RUTA/Fundamentos_MBE_12.pdf}
}


%%Libros
%%%%%%%%%%%%%%%%%%%%%%%%%%%%%%%%%%%%%%%%%%%%%%%%
@book{bk_russell2009intart,
	title={Inteligencia Artificial: Un Enfoque Moderno},
	author={Russell, Stuart and Norvig, Peter},
	year={2009},
	publisher={Prentice Hall},
	pages = {229},
	edition = {3}
}

@book{bk_russell2004intart,
	title={Inteligencia Artificial: Un Enfoque Moderno},
	author={Russell, Stuart and Norvig, Peter},
	translator = {Corchado Rodríguez, Juan Manuel and Martín Rubio, Fernando and Cadenas Figueredo, José Manuel and Hernández Molinero, Luis Daniel and Paniagua Arís, Enrique and Fuentetaja Pinzán, Raquel and Robledo de los Santos, Mónica and Rizo Aldeguer, Ramón},
	year={2004},
	publisher={Pearson Educación, S.A.},
	location = {Madrid, España},
	pages = {1-1240},
	edition = {2},
	url = {https://luismejias21.files.wordpress.com/2017/09/inteligencia-artificial-un-enfoque-moderno-stuart-j-russell.pdf}
}

@book{bk_alpaydin2014ml,
	title={Introduction to Machine Learning},
	author={Alpaydin, Ethem},
	year={2014},
	publisher={MIT Press},
	edition = {3}
}

@online{bk_zambrano2018supnosup,
	title={¿Aprendizaje supervisado o no supervisado? Conoce sus diferencias dentro del machine learning y la automatización inteligente},
	author={Zambrano, Juan},
	organization={Medium},
	month=mar,
	year={2018},
	url={https://medium.com/@juanzambrano/aprendizaje-supervisado-o-no-supervisado-39ccf1fd6e7b}
}

@inbook{bk_sutton2018rl,
	title={Finite Markov Decision Processes},
	booktitle = {Reinforcement Learning: An Introduction},
	author={Sutton, Richard S. and Barto, Andrew G.},
	year={2018},
	publisher={MIT Press},
	location = {Cambridge, Inglaterra},
	chapter = {3},
	pages = {48},
	edition = {2},
	url = {http://incompleteideas.net/book/RLbook2018.pdf}
}

@book{bk_maimon2010datamining,
	title={Data Mining and Knowledge Discovery Handbook},
	author={Maimon, Oded and Rokach, Lior},
	year={2010},
	publisher={Springer},
	location = {Nueva York, Estados Unidos de América},
	edition = {1}
}

@book{bk_pmi2017pmbokguide,
	title={A guide to the project management body of knowledge (PMBOK guide)},
	author={{Project Management Institute}},
	year={2017},
	publisher={PMBOK},
	location = {Newtown Square},
	edition = {6}
}

@book{bk_deng2018deeplearningnlp,
	title={Deep Learning in Natural Language Processing},
	author={Deng, Li and Liu, Yang},
	year={2018},
	publisher={Springer},
	location = {Singapur},
	isbn = {9789811052088},
	doi = {10.1007/978-981-10-5209-5}
}

@book{bk_britos2006datamining,
	title={Minería de Datos},
	author={Britos, Paola Verónica and García Martínez, Ramón and Hossian, Alejandro and Sierra, Enrique},
	year={2006},
	publisher={Nueva Librería},
	location = {España}
}

@book{bk_brownlee2017deeplearning_nlp,
	title={Deep Learning for Natural Language Processing: Develop Deep Learning Models for your Natural Language Problems},
	author={Brownlee, Jason},
	year={2017},
	publisher={Machine Learning Mastery},
	url = {http://ling.snu.ac.kr/class/AI_Agent/deep_learning_for_nlp.pdf}
}

@book{bk_kamath2019deeplearning_nlp_sr,
	title={Deep Learning for NLP and Speech Recognition},
	author={Kamath, Uday and Liu, John and Whitaker, James},
	year={2019},
	publisher={Springer}
}

@book{bk_rao2019nlp_pytorch,
	title={Natural Language Processing with PyTorch: Build Intelligent Language Applications Using Deep Learning},
	author={Rao, Delip and McMahan, Brian},
	year={2019},
	publisher={O’Reilly}
}

@book{bk_goldberg2017nn_nlp,
	title={Neural Network Methods for Natural Language Processing},
	author={Goldberg, Yoav},
	year={2017},
	publisher={Morgan \& Claypool Publishers},
	location = {Newtown Square},
	editor = {Graeme Hirst},
	isbn = {1627052984},
	doi = {10.2200/S00762ED1V01Y201703HLT037}
}

@book{bk_hernandez2014metodologia,
	title={Metodología de la Investigación},
	author={Hernández Sampieri, Roberto and Fernández Collado, Carlos and Baptista Lucio, Pilar},
	year={2014},
	edition = {6},
	publisher={McGraw Hill Education},
	location = {Ciudad de México},
	editor = {Graeme Hirst},
	isbn = {978-1-4562-2396-0},
	url = {https://academia.utp.edu.co/grupobasicoclinicayaplicadas/files/2013/06/Metodolog%C3%ADa-de-la-Investigaci%C3%B3n.pdf}
}


%%%%Referencias respecto al crowdfunding
%%%%%%%%%%%%%%%%%%%%%%%%%%%%%%%%%%%%%%%%%%%%%%%%

@periodical{cr_gestion2015emprendper,
	author    = {{Redacción Gestión}},
	title     = {Emprendimiento en el Perú se origina más por oportunidades de negocio que por desempleo},
	journal   = {Diario Gestión},
	year     = {2015},
	month = mar,
	date = {2015-03-11},
	url = {https://gestion.pe/economia/emprendimiento-peru-origina-oportunidad-negocio-desempleo-80578}
}

@periodical{cr_gestion2018emprend,
	author    = {{Redacción Gestión}},
	title     = {Perú es el tercer país con mayor cantidad de emprendimientos en fase temprana a nivel mundial},
	journal   = {Diario Gestión},
	year     = {2018},
	month = aug,
	date = {2018-08-01},
	url = {https://gestion.pe/economia/peru-tercer-pais-mayor-cantidad-emprendimientos-fase-temprana-nivel-mundial-240264}
}

@misc{cr_aep2018emprend,
	author    = {{Asociación de Emprendedores de Perú}},
	title     = {Avances y limitaciones del emprendimiento peruano},
	year     = {2018},
	month = feb,
	date = {2018-02-12},
	url = {https://asep.pe/index.php/avances-limitaciones-emprendimiento-peruano/}
}

@misc{cr_sandoval_barreras,
	author    = {Luis Sandoval},
	title     = {Barreras del Emprendedor ¿Por qué cuesta tanto hacerlo?},
	url = {https://www.emprender-facil.com/es/barreras-del-emprendedor/}
}

@misc{cr_hustle2019successrate,
	author    = {{The Hustle}},
	title     = {What are your chances of successfully raising money on Kickstarter?},
	year     = {2019},
	month = feb,
	date = {2019-02-09},
	url = {https://thehustle.co/crowdfunding-success-rate}
}

@misc{cr_uc_crowdfunding,
	author    = {{Universo Crowdfunding}},
	title     = {¿Qué es el crowdfunding?},
	url = {https://www.universocrowdfunding.com/que-es-el-crowdfunding/}
}

@misc{cr_sl_crowdfundlatam,
	author    = {{Solidaridad Latina}},
	title     = {¿Cómo funciona el crowdfunding en Latinoamérica?},
	url = {https://solidaridadlatina.com/actualizacion/como-funciona-crowdfunding-latinoamerica/}
}

@online{cr_kickstarter_about,
	author    = {{Kickstarter}},
	title     = {Acerca de nosotros: Kickstarter},
	url = {https://www.kickstarter.com/about?ref=global-footer}
}

@online{cr_kickstarter_founding,
	author    = {{Kickstarter}},
	title     = {Financiamiento: Kickstarter},
	url = {https://www.kickstarter.com/help/handbook/funding?lang=es}
}

@online{cr_kickstarter_press,
	author    = {{Kickstarter}},
	title     = {Prensa: Kickstarter},
	url = {https://www.kickstarter.com/press?ref=hello}
}

@online{cr_kickstarter_learn,
	author    = {{Kickstarter}},
	title     = {Empieza tu proyecto},
	url = {https://www.kickstarter.com/learn?lang=es}
}

@online{cr_kickstarter_rules,
	author    = {{Kickstarter}},
	title     = {Nuestras normas},
	url = {https://www.kickstarter.com/rules?ref=learn_faq}
}

@article{cr_fernandezbedoya2020colecoperu,
	title = {Collaborative Economy in Peru: Past, Present and Future},
	author = {Fernández-Bedoya, Víctor Hugo and Gago-Chávez, Johanna de Jesús Stephanie and Meneses-la-Riva, Mónica Elisa and Suyo-Vega, Josefina Amanda},
	journal = {Path of Science},	
	volume={6},
	number={5},
	year={2020},
	pages = {7001-7006},
	doi = {10.22178/pos.58-5}
}

@report{cr_stokes2014coleco,
	title = {Making sense of the UK	collaborative economy},
	author = {Stokes, Kathleen and Clarence, Emma and Anderson, Lauren and Rinne, April},
	year={2014},
	month = sep,
	url = {http://collaboriamo.org/media/2014/10/making_sense_of_the_uk_collaborative_economy_14.pdf}
}

@article{cr_lopezgolan2017crowdfunding,
	title = {Crowdfunding campaigns. Its effectiveness in audiovisual projects in the Latin American context | Las campañas de crowdfunding. Su eficacia en proyectos audiovisuales en el contexto latinoamericano},
	author = {López-Golán, Mónica and Vaca Tapia, Ana Cecilia and Benavides García, Nicole and Coronado Otavalo, Ximena Margarita},
	journal={Iberian Conference on Information Systems and Technologies, CISTI},
	publisher={Pontificia Universidad Católica del Ecuador Sede Ibarra},
	year={2017},
	pages = {1-6},
	location = {Ibarra, Ecuador},
	isbn = {9789899843479},
	doi = {10.23919/CISTI.2017.7976016}
}

@inproceedings{cr_xuefeng2018chcrowdplatf,
	title = {Using Crowdfunding in an Innovative Way: A Case Study from a Chinese Crowdfunding Platform},
	author = {Xuefeng, Liu and Zhao, Wang},
	booktitle = {2018 Portland International Conference on Management of Engineering and Technology (PICMET)},
	date = {2018},
	publisher = {PICMET},
	location = {Honolulu, Hawái},
	pages = {1-9},
	doi = {10.23919/PICMET.2018.8481838},
	url = {https://ieeexplore.ieee.org/document/8481838}
}

@article{cr_lichtig2015crowdfunding,
	title = {Crowdfunding Success: The Short Story - Analyzing the Mix of Crowdfunded Ventures},
	author = {Lichtig, Brendon},
	journal = {Wharton Research Scholars},
	publisher = {University of Pennsylvania ScholarlyCommons},
	year={2015},
	pages = {121},
	url = {https://repository.upenn.edu/wharton_research_scholars/121/}
}

@report{cr_kickstarter_intro,
	title = {Create something to share with others. Intro to Kickstarter for designers, makers and technologists},
	author = {{Kickstarter}},
	type = {Diapositivas de PowerPoint}
}

@article{cr_hollas2013crwd,
	title = {Is crowdfunding now a threat to traditional finance?},
	author = {Hollas, J.},
	journal = {Corporate Finance Review},
	year = {2013},
	pages = {27},
	volume = {18},
	number = {1}
}

@article{cr_colgren2014risecrwd,
	title = {The rise of crowdfunding: Social media, big data, cloud technologies},
	author = {Colgren, David},
	journal = {Strategic Finance},
	year = {2014},
	pages = {56},
	volume = {95},
	number = {10}
}

@book{cr_collins2014crwd,
	title = {Crowdfunding: Innovative access to
	finance and regulatory challenges},
	author = {Collins, L.},
	year = {2014}
}

@article{cr_lee2018fintech,
	title = {Fintech: Ecosystem, business models,
	investment decisions, and challenges},
	author = {Lee, I. and Shin, Y.J.},
	journal = {Business Horizons},
	year = {2018},
	pages = {35-46},
	volume = {61},
	number = {1}
}

@article{cr_lee2019crwdfactors,
	title = {Factors affecting successful crowdfunding},
	author = {Lee, Hsien-Da},
	journal = {ACM International Conference Proceeding Series},
	year = {2019},
	pages = {379-382},
	isbn = {9781450366021},
	doi = {10.1145/3306500.3306524}
}

@inproceedings{cr_tung2019backers,
	title = {Understanding backers' motivations and perceptions of information on product-based crowdfunding platforms},
	author = {Tung, Fang-Wu and Liu, Xin-Yang},
	booktitle = {6th International Symposium on Computational and Business Intelligence, ISCBI 2018},
	date = {2018},
	publisher = {IEEE},
	isbn = {9781538694503},
	pages = {84-88},
	doi = {10.1109/ISCBI.2018.00026}
}

@article{cr_ullah2020crowdfunding,
	title = {Gender, Anonymity and Team: What Determines Crowdfunding Success on Kickstarter},
	author = {Ullah, Saif and Zhou, Yulin},
	journal={Journal of Risk and Financial Management},
	publisher={MDPI},
	year={2020},
	pages = {80},
	volume = {13},
	number = {4},
	location = {Ibarra, Ecuador},
	isbn = {9789899843479},
	doi = {10.3390/jrfm13040080}
}

@article{cr_kraus2016crowdfunding_strategies,
	title = {Strategies for reward-based crowdfunding campaigns},
	author = {Kraus, Sascha and Richter, Chris and Brem, Alexander and Cheng, Cheng-Feng and Chang, Man-Ling},
	journal={Journal of Innovation \& Knowledge},
	publisher={Elsevier España},
	year={2016},
	month=apr,
	pages = {13-23},
	volume = {1},
	doi = {10.1016/j.jik.2016.01.010}
}

@report{cr_yu2017kickstarter_course,
	title = {The Complete Crowdfunding Course for Kickstarter \& Indiegogo},
	author = {Yu, Angela},
	type = {Diapositivas de PowerPoint},
	institution = {Udemy},
	year = {2017},
	pages = {1-85}
}

@online{cr_perry2012kickstarterproject,
	author    		= {Chen, Perry},
	organization	= {{Kickstarter}},
	title     		= {The New Project Page},
	year	  		= {2012},
	url = {https://www.kickstarter.com/blog/the-new-project-page}
}

%%%%Articulos tecnicos
%%%%%%%%%%%%%%%%%%%%%%%%%%%%%%%%%%%%%%%%%%%%%%%%
@article{tec_poole1998machinelearning,
	title = {Computational Intelligence: A Logical Approach},
	author = {Poole, David and Mackworth, Alan and Goebel, Randy},
	journal = {Oxford University Press},
	year={1998}
}

@report{tec_sancho2018supnosup,
	author = {Sancho Caparrini, Fernando},
	title = {Clasificación Supervisada y No Supervisada},
	type = {Reporte técnico},
	institution = {Universidad de Sevilla},
	year = {2018},
	location = {Sevilla, España},
	url = {http://www.cs.us.es/~fsancho/?e=77}
}

@misc{tec_merino2019aprendrefuerzo,
	author    = {Merino, Marcos},
	title     = {Conceptos de inteligencia artificial: qué es el aprendizaje por refuerzo},
	year     = {2019},
	url = {https://www.xataka.com/inteligencia-artificial/conceptos-inteligencia-artificial-que-aprendizaje-refuerzo}
}

@misc{tec_banafa2019deeplearning,
	title = {¿Qué es el aprendizaje Profundo?},
	author = {{BBVA OpenMind}},
	editor = {Banafa, Ahmed},	
	year={2019},
	publisher={Grupo BBVA},
	url = {https://www.bbvaopenmind.com/tecnologia/mundo-digital/que-es-el-aprendijaze-profundo/}
}

@misc{tec_cook2018deeplearning,
	title = {Most Popular 20 Free Online Courses to Learn Deep Learning},
	author = {{House of Bots}},
	editor = {Cook, Kimberly},	
	year={2018},
	url = {https://www.houseofbots.com/news-detail/3620-4-most-popular-20-free-online-courses-to-learn-deep-learning}
}

@report{tec_braulio2015metodologiasdm,
	author = {Braulio Gil, Núria and Curto Díaz, Josep},
	title = {Customer Analytics: Mejorando la inteligencia del cliente a través de los datos},
	type = {Reporte técnico},
	institution = {Universitat Oberta de Catalunya},
	year = {2015},
	location = {Barcelona, España},
	url = {https://docplayer.es/17897069-Customer-analytics-mejorando-la-inteligencia-del-cliente-a-traves-de-los-datos-jordi-conesa-i-caralt-coordinador-nuria-braulio-gil-josep-curto-diaz.html}
}

@article{tec_shafique2014dmmodels,
	title = {A Comparative Study of Data Mining Process Models (KDD, CRISP-DM and SEMMA)},
	author = {Shafique, Umair and Qaiser, Haseeb},
	journal = {International Journal of Innovation and Scientific Research},	
	volume={12},
	number={1},
	year={2014},
	pages={217-222},
	url = {http://www.ijisr.issr-journals.org/abstract.php?article=IJISR-14-281-04}
}

@online{tec_inzaugarat2018ann,
	title = {Understanding Neural Networks: What, How and Why?},
	author = {Inzaugarat, Eugenia},
	organization = {Towards Data Science},	
	year={2018},
	url = {https://towardsdatascience.com/understanding-neural-networks-what-how-and-why-18ec703ebd31}
}

@thesis{tec_bertona2005algevol,
	author = {Bertona, Luis Federico},
	title = {Entrenamiento de Redes Neuronales basado en Algoritmos Evolutivos},
	type = {Tesis de grado},
	institution = {Universidad de Buenos Aires},
	year = {2005},
	location = {Buenos Aires, Argentina},
	pages={15-22},
	url = {http://laboratorios.fi.uba.ar/lsi/bertona-tesisingenieriainformatica.pdf}
}

@report{tec_sancho2017descentgrad,
	author = {Sancho Caparrini, Fernando},
	title = {Entrenamiento de Redes Neuronales: mejorando el Gradiente Descendiente},
	type = {Reporte técnico},
	institution = {Universidad de Sevilla},
	year = {2017},
	location = {Sevilla, España},
	url = {http://www.cs.us.es/~fsancho/?e=165}
}

@report{tec_li2019cnn,
	author = {Li, Fei-Fei and Johnson, Justin and Yeung, Serena},
	title = {Convolutional Neural Networks},
	type = {Reporte técnico},
	institution = {Universidad Standford},
	year = {2019},
	url = {http://cs231n.stanford.edu/slides/2019/cs231n_2019_lecture05.pdf}
}

@misc{tec_lopez2016cnnTF,
	author = {López Briega, Raúl E.},
	title = {Redes neuronales convolucionales con TensorFlow},
	year = {2016},
	url = {https://relopezbriega.github.io/blog/2016/08/02/redes-neuronales-convolucionales-con-tensorflow/}
}

@article{tec_figueroa_convolucion,
	title = {Convolución y transformadas},
	author = {Figueroa M., Geovanni},
	journal = {Revista digital Matemática},	
	url = {https://tecdigital.tec.ac.cr/revistamatematica/cursos-linea/EcuacionesDiferenciales/EDO-Geo/edo-cap5-geo/laplace/node7.html}
}

@online{tec_prabhu2018cnn,
	title={Understanding of Convolutional Neural Network (CNN) — Deep Learning},
	author={Prabhu, Raghav},
	organization={Medium},
	month=mar,
	year={2018},
	url={https://medium.com/@RaghavPrabhu/understanding-of-convolutional-neural-network-cnn-deep-learning-99760835f148}
}

@misc{tec_cyberclic_campaign,
	author    = {{Cyberclic}},
	title     = {¿Qué es una campaña publicitaria?},
	url = {https://www.cyberclick.es/publicidad/campana-publicitaria}
}

@online{tec_gandhi2018svm,
	title={Support Vector Machine — Introduction to Machine Learning Algorithms},
	author={Gandhi, Rohith},
	organization={Towards Data Science},
	month=jun,
	year={2018},
	url={https://towardsdatascience.com/support-vector-machine-introduction-to-machine-learning-algorithms-934a444fca47}
}

@article{tec_betancourt2005svm,
	title={Las Máquinas de Soporte Vectorial (SVMs)},
	author={Betancourt, Gustavo A.},
	journal={Scientia et Technica},
	month=apr,
	year={2005},
	publisher={Universidad Tecnológica de Pereira},
	url={https://revistas.utp.edu.co/index.php/revistaciencia/article/view/6895/4139}
}

@article{tec_smola2004svm,
	title={A tutorial on support vector regression},
	author={Smola, Alex J. and Schölkopf, Bernhard},
	journal={Statistics and Computing},
	month=aug,
	year={2004},
	pages={199-222},
	volume={14},
	number={3},
	publisher={Kluwer Academic Publishers},
	url={https://link.springer.com/article/10.1023/B:STCO.0000035301.49549.88}
}

@online{tec_gupta2017decisiontree,
	title={Decision Trees in Machine Learning},
	author={Gupta, Prashant},
	organization={Towards Data Science},
	month=may,
	year={2017},
	url={https://towardsdatascience.com/decision-trees-in-machine-learning-641b9c4e8052}
}

@online{tec_ranjan2019thumbrules,
	title={Rules-of-thumb for building a Neural Network},
	author={Ranjan, Chitta},
	organization={Towards Data Science},
	month=jul,
	year={2019},
	url={https://towardsdatascience.com/17-rules-of-thumb-for-building-a-neural-network-93356f9930af}
}

@misc{tec_viera2013backpropexplain,
	author = {Viera Balanta, Víctor},
	title = {\textit{Backpropagation explicación} [Archivo de video]},
	year = {2013},
	url = {https://youtu.be/0odQ286nsIY}
}

@online{tec_malik2019pythonnlp,
	author = {Malik, Usman},
	title = {Python for NLP: Movie Sentiment Analysis using Deep Learning in Keras},
	year = {2019},
	url = {https://stackabuse.com/python-for-nlp-movie-sentiment-analysis-using-deep-learning-in-keras/}
}

@online{tec_ardi2020conv1d,
	author = {Ardi, Muhammad},
	title = {1-Dimensional Convolution Layer for NLP Task},
	year = {2020},
	date = {2020-09-28},
	url = {https://becominghuman.ai/1-dimensional-convolution-layer-for-nlp-task-5d2e86e0229c}
}

@article{tec_mukaka2012correlation,
	title={Statistics Corner: A guide to appropriate use of Correlation coefficient in medical research},
	author={Mukaka, Mavuto M.},
	journal={Malawi Medical Journa},
	month=sep,
	year={2012},
	pages={69-71},
	volume={24},
	number={3},
	url={https://www.researchgate.net/publication/236604665_Statistics_Corner_A_guide_to_appropriate_use_of_Correlation_coefficient_in_medical_research}
}

@misc{tec_zimovnov2018text_preprocessing,
	author = {Zimovnov, Andrey},
	title = {\textit{NLP - Text Preprocessing and Text Classification (using Python)} [Archivo de video]},
	year = {2018},
	url = {https://youtu.be/nxhCyeRR75Q}
}

@online{tec_brownlee2019vanishing_gradients,
	author = {Brownlee, Jason},
	title = {How to Fix the Vanishing Gradients Problem Using the ReLU},
	organization = {Machine Learning Mastery},
	year = {2019},
	url = {https://machinelearningmastery.com/how-to-fix-vanishing-gradients-using-the-rectified-linear-activation-function/}
}

@online{tec_brownlee2018stacked_models,
	author = {Brownlee, Jason},
	title = {Stacking Ensemble for Deep Learning Neural Networks in Python},
	organization = {Machine Learning Mastery},
	year = {2018},
	url = {https://machinelearningmastery.com/stacking-ensemble-for-deep-learning-neural-networks/}
}

@online{tec_brownlee2017bidirectional_lstm,
	author = {Brownlee, Jason},
	title = {How to Develop a Bidirectional LSTM For Sequence Classification in Python with Keras},
	organization = {Machine Learning Mastery},
	year = {2017},
	url = {https://machinelearningmastery.com/develop-bidirectional-lstm-sequence-classification-python-keras/}
}

@misc{tec_ng2018bidirectionalRNN,
	author = {Ng, Andrew},
	title = {\textit{RNN W1L11 : Bidirectional RNN} [Archivo de video]},
	year = {2018},
	url = {https://youtu.be/bTXGpATdKRY}
}

@online{tec_missinglink_conv1d,
	author = {{MissingLink.ai}},
	title = {Keras Conv1D: Working with 1D Convolutional Neural Networks in Keras},
	url = {https://missinglink.ai/guides/keras/keras-conv1d-working-1d-convolutional-neural-networks-keras/}
}

@inproceedings{tec_kim2014convolutional,
	title = {Convolutional Neural Networks for Sentence Classification},
	author = {Kim, Yoon},
	month = oct,
	booktitle = {2014 Conference on Empirical Methods in Natural Language Processing (EMNLP)},
	date = {2014-08},
	publisher = {Association for Computational Linguistics},
	location = {Doha, Qatar},
	pages = {1746–1751},
	doi = {10.3115/v1/D14-1181},
	url = {https://www.aclweb.org/anthology/D14-1181.pdf}
}

@inproceedings{tec_zhang2017cnn_sentenceclassification,
	title = {A Sensitivity Analysis of (and Practitioners' Guide to) Convolutional Neural Networks for Sentence Classification},
	author = {Zhang, Ye and Wallace, Byron C.},
	booktitle = {8th International Joint Conference on Natural Language Processing},
	date = {2017},
	publisher = {Association for Computational Linguistics},
	location = {Taipei, Taiwan},
	pages = {253-263},
	url = {https://www.aclweb.org/anthology/I17-1026.pdf}
}

@article{tec_yuan2019lstm,
	title={Nonlinear Dynamic Soft Sensor Modeling With Supervised Long Short-Term Memory Network},
	author={Yuan, Xiaofeng and Li, Lin and Wang, Yalin},
	journal={IEEE Transactions on Industrial Informatics},
	month=feb,
	year={2019},
	pages={1-1},
	doi = {10.1109/TII.2019.2902129}
}

@online{tec_phi2018gru,
	title = {Illustrated Guide to LSTM's and GRU's: A step by step explanation},
	author = {Phi, Michael},
	organization = {Towards Data Science},	
	year={2018},
	url = {https://towardsdatascience.com/illustrated-guide-to-lstms-and-gru-s-a-step-by-step-explanation-44e9eb85bf21}
}

@online{tec_kostadinov2019seq2seq,
	title = {Understanding Encoder-Decoder Sequence to Sequence Model},
	author = {Kostadinov, Simeon},
	organization = {Towards Data Science},	
	year={2019},
	url = {https://towardsdatascience.com/understanding-encoder-decoder-sequence-to-sequence-model-679e04af4346}
}

@report{tec_nishida2015multimodal,
	author = {Nishida, Noriki and Nakayama, Hideki},
	title = {Multimodal gesture recognition using multi-stream recurrent neural network},
	type = {Reporte técnico},
	institution = {Universidad de Tokio},
	year = {2015},
	url = {http://www.nlab.ci.i.u-tokyo.ac.jp/projects/deeplearn-e.html}
}

@online{tec_bujokas2020word2vec,
	title = {Creating Word Embeddings: Coding the Word2Vec Algorithm in Python using Deep Learning},
	author = {Bujokas, Eligijus},
	organization = {Towards Data Science},	
	year={2020},
	url = {https://towardsdatascience.com/creating-word-embeddings-coding-the-word2vec-algorithm-in-python-using-deep-learning-b337d0ba17a8}
}

@online{tec_pennington2014glove,
	title = {GloVe: Global Vectors for Word Representation},
	author = {Pennington, Jeffrey and Socher, Richard and Manning, Christopher D.},
	year={2014},
	url = {https://nlp.stanford.edu/projects/glove/}
}

@online{tec_chengwei2018embedding,
	title = {Simple Stock Sentiment Analysis with news data in Keras},
	author = {Chengwei},
	organization = {DLology},	
	year={2018},
	url = {https://www.dlology.com/blog/simple-stock-sentiment-analysis-with-news-data-in-keras/}
}

@online{tec_zhou2019bow,
	title = {A Simple Explanation of the Bag-of-Words Model},
	author = {Zhou, Victor},
	organization = {Towards Data Science},	
	year={2019},
	url = {https://towardsdatascience.com/a-simple-explanation-of-the-bag-of-words-model-b88fc4f4971}
}

@online{tec_hamdaoui2019tfidf,
	title = {TF(Term Frequency)-IDF(Inverse Document Frequency) from scratch in python .},
	author = {Hamdaoui, Yassine},
	organization = {Towards Data Science},	
	year={2019},
	url = {https://towardsdatascience.com/tf-term-frequency-idf-inverse-document-frequency-from-scratch-in-python-6c2b61b78558}
}

@online{tec_minmaxscaler,
	title = {sklearn.preprocessing.MinMaxScaler},
	author = {{Scikit-learn}},	
	url = {https://scikit-learn.org/stable/modules/generated/sklearn.preprocessing.MinMaxScaler.html}
}

@article{tec_scikitlearn,
	title={Scikit-learn: Machine Learning in {P}ython},
	author={Pedregosa, F. and Varoquaux, G. and Gramfort, A. and Michel, V.
	and Thirion, B. and Grisel, O. and Blondel, M. and Prettenhofer, P.
	and Weiss, R. and Dubourg, V. and Vanderplas, J. and Passos, A. and
	Cournapeau, D. and Brucher, M. and Perrot, M. and Duchesnay, E.},
	journal={Journal of Machine Learning Research},
	volume={12},
	pages={2825--2830},
	year={2011}
}

@book{tec_datascaling,
	title = {Python Machine Learning Cookbook},
	author = {Ciaburro, Giuseppe and Joshi, Prateek},
	year = {2019},
	edition = {2},
	url = {https://subscription.packtpub.com/book/big_data_and_business_intelligence/9781789808452/1/ch01lvl1sec15/data-scaling}
}

@online{tec_keras_modeltraining,
	title = {Model training APIs},
	author = {{Keras}},	
	url = {https://keras.io/api/models/model_training_apis/}
}

@report{tec_brinton2020ngrams,
	author = {Brinton, Chris and Inouye, David},
	title = {Python for Data Science: n-grams and basic natural language processing},
	type = {Reporte técnico},
	institution = {Universidad Purdue},
	year = {2020},
	pages = {13},
	url = {https://www.cbrinton.net/ECE20875-2020-Spring/W10/ngrams.pdf}
}

@article{tec_liu2018multideeplearning,
	author = {Liu, Kuan and Li, Yanen and Xu, Ning and Natarajan, Prem},
	title = {Learn to Combine Modalities in Multimodal Deep Learning},
	journal = {arXiv e-prints},
	year = 2018,
	month = may,
	eid = {arXiv:1805.11730},
	archivePrefix = {arXiv},
	eprint = {1805.11730},
	primaryClass = {stat.ML},
	adsurl = {https://ui.adsabs.harvard.edu/abs/2018arXiv180511730L},
	url = {https://arxiv.org/pdf/1805.11730.pdf}
}

@online{tec_baheti2020introduction_mdl,
	title = {Introduction to Multimodal Deep Learning},
	author = {Baheti, Pragati},
	year = {2020},
	url = {https://heartbeat.fritz.ai/introduction-to-multimodal-deep-learning-630b259f9291}
}

@article{tec_divina2018stackingensemblelearning,
	title = {Stacking Ensemble Learning for Short-Term Electricity Consumption Forecasting},
	author = {Divina, Federico and Gilson, Aude and Gómez-Vela, Francisco and Garcia Torres, Miguel and Torres, José},
	year = {2018},
	month = apr,
	pages = {949},
	volume = {11},
	journal = {Energies},
	doi = {10.3390/en11040949}
}

@report{tec_cai2017forecast,
	title = {Crop yield predictions - high resolution statistical model for intra-season forecasts applied to corn in the US},
	author = {Cai, Yiqing and Moore, Kristen and Pellegrini, Adam and Elhaddad, Ayman and Lessel, Jerrod and Townsend, Christianna and Solak, Hayley and Semret, Nemo},
	year = {2017},
	month = apr,
	type = {Reporte técnico},
	pages = {46},
	url = {https://www.researchgate.net/publication/316278341_Crop_yield_predictions_-_high_resolution_statistical_model_for_intra-season_forecasts_applied_to_corn_in_the_US}
}

@article{tec_jiang2019ensemblemodel,
	author = {Jiang, Weili and Chen, Zhenhua and Xiang, Yan and Shao, Dangguo and Ma, Lei and Zhang, Junpeng},
	year = {2019},
	month = {08},
	pages = {1-1},
	title = {SSEM: A Novel Self-Adaptive Stacking Ensemble Model for Classification},
	volume = {PP},
	journal = {IEEE Access},
	doi = {10.1109/ACCESS.2019.2933262}
}

@online{tec_das2020pacman,
	title = {Reinforced Pac-man},
	author = {Das, Sarthak},
	organization = {Towards Data Science},	
	year={2020},
	url = {https://towardsdatascience.com/reinforced-pac-man-8e51409f4fc}
}

%%%%Otros archivos
%%%%%%%%%%%%%%%%%%%%%%%%%%%%%%%%%%%%%%%%%%%%%%%%

@misc{ot_zig2020abi,
	title={ABI: 6 GHz band essential amid growing WiFi demand},
	author={Zignani, Andrew},
	year={2020},
	url={https://www.abiresearch.com/market-research/insight/7781240-as-the-6-ghz-spectrum-battleground-heats-u/},
}

@misc{ot_elpais2023wifi,
	author    = {{El País}},
	title     = {El wifi de la mayoría de los hogares se enfrenta al colapso por el aumento de dispositivos conectados y el tráfico de datos},
	year     = {2023},
	url = {https://elpais.com/tecnologia/2023-09-26/el-wifi-de-la-mayoria-de-hogares-se-enfrenta-al-colapso-por-el-aumento-de-dispositivos-conectados-y-el-trafico-de-datos.html}
}

@misc{ot_inei2022estati,
	author    = {{INEI}},
	title     = {Estadísiticas de las Tecnologías de Información y Comunicación en los hogares},
	year     = {2022},
	url = {https://www.inei.gob.pe/media/MenuRecursivo/boletines/02-informe-tecnico-tic-i-trimestre-2022.pdf}
}

@misc{ot_cisco2022ap,
	author    = {{Cisco}},
	title     = {Los puntos de acceso C9120 no inician PnP o IOx},
	year     = {2022},
	url = {https://www.cisco.com/c/es_mx/support/docs/wireless/catalyst-9120axi-access-point/218069-c9120-access-points-do-not-start-pnp.html}
}

@misc{ot_napit2017ap,
	author    = {{NapIT}},
	title     = {3 Problemas que pueden perjudicar su Wireless Corporativo},
	year     = {2017},
	url = {https://napit.com.br/3-problemas-que-puedem-perjudicar-su-wireless-corporativo/}
}